<?xml version="1.0" encoding="UTF-8"?><record xmlns="http://www.loc.gov/MARC21/slim" xmlns:cinclude="http://apache.org/cocoon/include/1.0" xmlns:zs="http://www.loc.gov/zing/srw/">
  <leader>00470nz  a2200145n  4500</leader>
  <controlfield tag="001">no2013014042</controlfield>
  <controlfield tag="003">DLC</controlfield>
  <controlfield tag="005">20130209075338.0</controlfield>
  <controlfield tag="008">130207n| acannaabn          |n aaa     c</controlfield>
  <datafield tag="010" ind1=" " ind2=" ">
    <subfield code="a">no2013014042</subfield>
  </datafield>
  <datafield tag="035" ind1=" " ind2=" ">
    <subfield code="a">(OCoLC)oca09400924</subfield>
  </datafield>
  <datafield tag="040" ind1=" " ind2=" ">
    <subfield code="a">OAkU-MCU</subfield>
    <subfield code="b">eng</subfield>
    <subfield code="c">OAkU-MCU</subfield>
  </datafield>
  <datafield tag="100" ind1="1" ind2=" ">
    <subfield code="a">Burle Marx,</subfield>
    <subfield code="d">1902-1990.</subfield>
    <subfield code="t">Great occasions</subfield>
  </datafield>
  <datafield tag="667" ind1=" " ind2=" ">
    <subfield code="a">For voice and piano; also a round for 4 voices</subfield>
  </datafield>
  <datafield tag="670" ind1=" " ind2=" ">
    <subfield code="a">Burle Marx. The great occasions [MS] c1953-c1968:</subfield>
    <subfield code="b">caption (The great occasions)</subfield>
  </datafield>
</record>